% Translation Theories

% Paradigm overview
@book{pym2009exploring,
    Author = {Pym, Anthony},
    Publisher = {Routledge},
    Title = {Exploring translation theories},
    Year = {2009}
}

% Equivalence paradigm
@book{catford1965linguistic,
    title={A linguistic theory of translation},
    author={Catford, John Cunnison},
    volume={74},
    year={1965},
    publisher={Oxford University Press London}
}

% Skopos Theory
@book{reiss1984grundlegung,
    title={Grundlegung einer allgemeinen Translationstheorie},
    author={Rei{\ss}, Katharina and Vermeer, Hans J},
    volume={147},
    year={1984},
    publisher={Walter de Gruyter}
}

@book{holz1984translatorisches,
    title={Translatorisches Handeln: Theorie und Methode},
    author={Holz-M{\"a}ntt{\"a}ri, Justa and Tiedeakatemia, Suomalainen},
    year={1984},
    publisher={Suomalainen tiedeakatemia Helsinki}
}

@article{nord1997translation,
    title={Translation theories explained: translating as a purposeful activity},
    author={Nord, Christiane},
    journal={Manchester: St. Jerome},
    year={1997}
}

% Descriptive Theories
@incollection{toury1995nature,
    title={The Nature and Role of Norms in Translation},
    author={Toury, Gideon},
    booktitle={Descriptive Translation Studies and Beyond},
    address={Amsterdam, Philadelphia},
    year={1995},
    publisher={John Benjamins}
}

@incollection{toury1995notion,
    title={The Notion of `Assumed Translation' -- An Invitation to a New Discussion},
    author={Toury, Gideon},
    booktitle={Letterlijkheid, Woordelijheid / Literality, Verbality},
    year={1995},
    publisher={Fantom},
    address={Antwerpen and Hermelen},
    editor={Bloemen, Henri and Hertog, Erik and Segers, Winibert},
}

% Theories of Indeterminacy

@incollection{quine1960translation,
    title={Translation and Meaning},
    author={Quine, Willard Van Orman},
    booktitle={Word and Object},
    address={Cambridge-Mass.},
    year={1960},
    publisher={MIT Press}
}

@incollection{quine1969linguistics,
    title={Linguistics and Philosophy},
    author={Quine, Willard Van Orman},
    booktitle={Language and Philosophy: A Symposium},
    editor={Hook, Sydney},
    address={New York},
    year={1969},
    publisher={New York University Press}
}

@book{snell1988translation,
    title={Translation studies: an integrated approach},
    author={Snell-Hornby, Mary},
    year={1988},
    publisher={John Benjamins Publishing}
}

@incollection{lewis1985measure,
    title={The Measure of Translation Effects},
    author={Lewis, Philip E.},
    booktitle={Difference in Translation},
    editor={Graham, J. F.},
    address={Ithaca NY},
    year={1985},
    publisher={Cornell University Press}
}

% Localisation

@incollection{esselink2002localisation,
    title={From translation to localisation –- and back},
    author={Esselink, Bert},
    booktitle={Translating Science: 2nd International Conference on Specialized Translation},
    editor={Chab{\'a}s, J. and Rey, J. and Cases, M. and Gaser, R.},
    year={2000},
    publisher={Universitat Pompeu Fabra}
}

% Priorities and restrictions

@article{zabalbeascoa1999priorities,
    title={Priorities and restrictions in translation},
    author={Zabalbeascoa, Patrick},
    journal={Translation and the (Re) Location of Meaning. Leuven: CETRA},
    pages={159--167},
    year={1999}
}


% MT Theory

@inproceedings{culo2014approaching,
    title={Approaching Machine Translation from Translation Studies -– a perspective on commonalities, potentials, differences},
    author={{\v C}ulo, Oliver},
    booktitle={Proceedings of the 17th Annual Conference of EAMT},
    year={2014}
}

% MT 

@phdthesis{hardmeier2014discourse,
    author = {Hardmeier, Christian},
    institution = {Uppsala University, Department of Linguistics and Philology},
    pages = {185},
    school = {Uppsala University, Department of Linguistics and Philology},
    title = {Discourse in Statistical Machine Translation},
    series = {Studia Linguistica Upsaliensia},
    number = {15},
    year = {2014}
}

@inproceedings{koehn2007moses,
    title={Moses: Open source toolkit for statistical machine translation},
    author={Koehn, Philipp and Hoang, Hieu and Birch, Alexandra and Callison-Burch, Chris and Federico, Marcello and Bertoldi, Nicola and Cowan, Brooke and Shen, Wade and Moran, Christine and Zens, Richard and others},
    booktitle={Proceedings of the 45th annual meeting of the ACL on interactive poster and demonstration sessions},
    pages={177--180},
    year={2007},
    organization={Association for Computational Linguistics}
}

@inproceedings{papineni2001bleu,
    author = {Papineni, Kishore and Roukos, Salim and Ward, Todd and Zhu, Wei-Jing},
    title = {{BLEU}},
    booktitle = {the 40th Annual Meeting},
    year = {2001},
    pages = {311--318},
    publisher = {Association for Computational Linguistics},
    address = {Morristown, NJ, USA}
}



%% SYNTAX

% HPSG

@book{pollard1994head,
    title={Head-driven phrase structure grammar},
    author={Pollard, Carl},
    year={1994},
    publisher={University of Chicago Press}
}

% CCG

@book{steedman2000syntactic,
    title={The syntactic process},
    author={Steedman, Mark},
    volume={35},
    year={2000},
    publisher={MIT Press}
}

%% SEMANTICS

% ------------------------
% MRS
% ------------------------

@article{copestake2005minimal,
    title={Minimal recursion semantics: An introduction},
    author={Copestake, Ann and Flickinger, Dan and Pollard, Carl and Sag, Ivan A},
    journal={Research on Language and Computation},
    volume={3},
    number={2-3},
    pages={281--332},
    year={2005},
    publisher={Springer}
}

% ------------------------
% TTR
% ------------------------

@article{cooper2005records,
    title={Records and record types in semantic theory},
    author={Cooper, Robin},
    journal={Journal of Logic and Computation},
    volume={15},
    number={2},
    pages={99--112},
    year={2005},
    publisher={Oxford Univ Press}
}

% ------------------------
% CAT
% ------------------------

@article{o2012translation,
    title={Translation as human--computer interaction},
    author={O'Brien, Sharon},
    journal={Translation Spaces},
    volume={1},
    number={1},
    pages={101--122},
    year={2012},
    publisher={John Benjamins Publishing Company}
}

@article{chuang2005collocational,
    title={Collocational translation memory extraction based on statistical and linguistic information},
    author={Chuang, Thomas C and Jian, Jia-Yan and Chang, Yu-Chia and Chang, Jason S},
    journal={International Journal of Computational Linguistics and Chinese Language Processing},
    volume={10},
    number={3},
    pages={329--346},
    year={2005}
}

@inproceedings{lagoudaki2006translation,
    title={Translation memories survey 2006: Users’ perceptions around tm use},
    author={Lagoudaki, Elina},
    booktitle={proceedings of the ASLIB International Conference Translating \& the Computer},
    volume={28},
    number={1},
    pages={1--29},
    year={2006}
}

@article{kay1997still,
    author={Kay,Martin},
    year={1997},
    title={It's Still the Proper Place},
    journal={Machine Translation},
    volume={12},
    number={1/2},
    pages={35-38},
    abstract={An afterword on Kay's "The Proper Place of Men and Machines in Language Translation" (1997 [see abstract in this issue]). It is contended that the relationship between humans & machines within the context of language translation has experienced little change since the early 1980s. Although computer technology & knowledge of language & linguistics has improved, linguistics-based machine translation applications, eg, Verbmobil, depreciate as linguistic theory advances. However, as organizations assume a more polyglot structure, the need for machine translation has accelerated. Until contemporary linguistics-based translation applications acquire a more human understanding of the translation process, such applications will be incapable of producing high-quality translations. J. W. Parker},
    keywords={Artificial Intelligence (incl. Robotics); Language Translation and Linguistics; Computational Linguistics; Linguistics; Applied Linguistics; Translators; Machine Translation; article; translation; language},
    isbn={0922-6567},
    language={English},
}

@techreport{ALPAC,
    author={John R. Pierce and John B. Carroll},
    title={Languages and Machines --- Computers in Translation and Linguistics},
    address={Washington, DC},
    institution={Automatic Language Processing Advisory Committe (ALPAC), National Academy of Sciences},
    year={1966}
}

@article{kay1980proper,
    author={Martin Kay},
    title={The Proper Place of Men and Machines in Language Translation},
    institution={Xerox PARC},
    howpublished={\url{http://mt-archive.info/Kay-1980.pdf}},
    year={1980}
}

@inproceedings{federico2014matecat,
    author = {Federico, Marcello and Bertoldi, Nicola and Cettolo, Mauro and Negri, Matteo and Turchi, Marco and Trombetti, Marco and Cattelan, Alessandro and Farina, Antonio and Lupinetti, Domenico and Martines, Andrea and Massidda, Alberto and Schwenk, Holger and Barrault, Lo{\"\i}c and Blain, Frederic and Koehn, Philipp and Buck, Christian and Germann, Ulrich},
    title = {{The MateCat tool}},
    booktitle = {Proceedings of COLING},
    year = {2014},
    pages = {129--132}
}

@article{obrien2002teach,
    author = {O'Brien, Sharon},
    title = {{Teaching post-editing: a proposal for course content}},
    journal = {6th EAMT Workshop Teaching Machine Translation},
    year = {2002}
}





% Cognitive

@article{dragsted2006computer,
    title={Computer-aided translation as a distributed cognitive task},
    author={Dragsted, Barbara},
    journal={Pragmatics \& Cognition},
    volume={14},
    number={2},
    pages={443--464},
    year={2006},
    publisher={John Benjamins Publishing Company}
}

@book{dragsted2004segmentation,
    title={Segmentation in translation and translation memory systems: An empirical investigation of cognitive segmentation and effects of integrating a TM system into the translation process},
    author={Dragsted, Barbara},
    year={2004}
}

@article{jimenez2010effect,
    title={The effect of Translation Memory tools in translated Web texts: Evidence from a comparative product-based study},
    author={Jim{\'e}nez-Crespo, Miguel A},
    journal={Linguistica Antverpiensia},
    volume={8},
    pages={213--232},
    year={2010}
}

@inproceedings{christensen2011impact,
    title={The Impact of Translation-Memory (TM) Technology},
    author={Christensen, Tina Paulsen and Schjoldager, Anne},
    booktitle={Human-Machine Interaction in Translation: Proceedings of the 8th International NLPCS Workshop},
    volume={41},
    pages={119},
    year={2011},
    organization={Samfundslitteratur}
}

@article{christensen2011studies,
    title={Studies on the mental processes in translation memory-assisted translation--The state of the art},
    author={Christensen, Tina Paulsen},
    journal={trans-kom. Zeitschrift f{\"u}r Translationswissenschaft und Fachkommunikation},
    volume={4},
    number={2},
    pages={137--160},
    year={2011}
}

@article{krings2005wege,
    title={Wege ins Labyrinth--Fragestellungen und Methoden der {\"U}bersetzungsprozessforschung im {\"U}berblick},
    author={Krings, Hans Peter},
    journal={Meta: Journal des traducteursMeta:/Translators' Journal},
    volume={50},
    number={2},
    pages={342--358},
    year={2005},
    publisher={Les Presses de l'Universit{\'e} de Montr{\'e}al}
}


% Cognition

@article{hutchins2000distributed,
    author = {Hutchins, Edwin},
    title = {{Distributed cognition}},
    journal = {International Encyclopedia of the Social and {\ldots}},
    year = {2000}
}

@article{risku2010cognitive,
    author = {Risku, Hanna},
    title = {{A cognitive scientific view on technical communication and translation: Do embodiment and situatedness really make a difference?}},
    journal = {Target},
    year = {2010},
    volume = {22},
    number = {1},
    pages = {94--111}
}

@booklet{alves2003triangulating,
    title = {{Triangulating Translation: Perspectives in Process Oriented Research}},
    author = {Alves, Fabio},
    howpublished = {John Benjamins},
    address = {Amsterdam, Philadelphia},
    year = {2003}
}

@article{obrien2009eyetracking,
  title={Eye tracking in translation process research: methodological challenges and solutions},
  author={O'Brien, Sharon},
  journal={Methodology, Technology and Innovation in Translation Process Research},
  volume={38},
  pages={251--266},
  year={2009},
  publisher={Samfundslitteratur}
}



% PE Post-Editing

@inbook{carl2015post,
    title = {Post-Editing Machine Translation: Efficiency, Strategies, and Revision Processes in Professional Translation Settings},
    publisher = {John Benjamins Publishing Company},
    author = {Michael Carl and Silke Gutermuth and Silvia Hansen-Schirra},
    note = {2015; 7},
    year = {2015},
    editor = {Aline Ferreira and Schwieter, {John W.}},
    isbn = {9789027258557},
    pages = {145-174},
    booktitle = {Psycholinguistic and Cognitive Inquiries into Translation and Interpreting},
}


@inproceedings{federico2012measuring,
    title={Measuring user productivity in machine translation enhanced computer assisted translation},
    author={Federico, Marcello and Cattelan, Alessandro and Trombetti, Marco},
    booktitle={Proceedings of the Tenth Conference of the Association for Machine Translation in the Americas (AMTA)},
    year={2012}
}

@article{koponen2012post,
    title={Post-editing time as a measure of cognitive effort},
    author={Koponen, Maarit and Aziz, Wilker and Ramos, Luciana and Specia, Lucia},
    journal={Proceedings of WPTP},
    year={2012}
}

@article{carl2012critt,
author = {Carl, Michael},
title = {{The CRITT TPR-DB 1.0: A Database for Empirical Human Translation Process Research}},
journal = {AMTA 2012 Workshop on Post-Editing Technology {\ldots}},
year = {2012}
}




% Questionnaires

@article{brooke1996sus,
    title={SUS-A quick and dirty usability scale},
    author={Brooke, John},
    journal={Usability evaluation in industry},
    volume={189},
    number={194},
    pages={4--7},
    year={1996},
    publisher={London}
}


% Wiki Texts
@misc{wikicharlotte,
    author = {Wikipedia},
    title = {Charlotte Gyllenhammar --- Wikipedia, The Free Encyclopedia},
    year = {2015},
    url = {http://en.wikipedia.org/w/index.php?title=Charlotte_Gyllenhammar&oldid=647293586},
    note = {[Online; accessed 15-April-2015]}
}

@misc{wikihistory,
    author = {Wikipedia},
    title = {History of artificial intelligence--- Wikipedia, The Free Encyclopedia},
    year = {2015},
    url = {http://en.wikipedia.org/w/index.php?title=History_of_artificial_intelligence&oldid=663822581},
    note = {[Online; accessed 15-April-2015]}
}

@misc{wikigarfield,
    author = {Wikipedia},
    title = {Garfield --- Wikipedia, The Free Encyclopedia},
    year = {2015},
    url = {http://en.wikipedia.org/w/index.php?title=History_of_artificial_intelligence&oldid=663822581},
    note = {[Online; accessed 15-April-2015]}
}

@misc{wikistyle,
    author = {Wikipedia},
    title = {Wikipedia: Manual de Estilo --- Wikipedia, The Free Encyclopedia},
    year = {2015},
    url = {http://es.wikipedia.org/wiki/Wikipedia:Manual_de_estilo},
    note = {[Online; accessed 2-April-2015]}
}


% Style Guides

@article{ranta2014embedded,
    author = {Ranta, Aarne},
    title = {{Embedded Controlled Languages}},
    journal = {arXiv.org},
    year = {2014},
    eprint = {1406.4057v1},
    eprinttype = {arxiv},
    eprintclass = {cs.CL},
    month = jun,
    annote = {7 pages, extended abstract, preprint for CNL 2014 in Galway}
}

@booklet{ranta2011gf,
    title = {{Grammatical framework: Programming with multilingual grammars}},
    author = {Ranta, Aarne},
    howpublished = {CSLI Publications, Center for the Study of Language and Information},
    year = {2011}
}

@inproceedings{angelov2009cnl,
    author = {Angelov, Krasimir and Ranta, Aarne},
    title = {{Implementing controlled languages in GF}},
    booktitle = {CNL'09: Proceedings of the 2009 conference on Controlled natural language},
    year = {2009},
    pages = {82--101},
    publisher = {~Springer-Verlag},
    month = jun
}

@article{ranta2009rgl,
    author = {Ranta, Aarne},
    title = {{The GF Resource Grammar Library}},
    journal = {Linguistics in Language Technology},
    year = {2009},
    volume = {2},
    number = {2},
    pages = {1--65}
}

@incollection{kaljurand2013wiki,
    author = {Kaljurand, Kaarel and Kuhn, Tobias},
    title = {{A Multilingual Semantic Wiki Based on Attempto Controlled English and Grammatical Framework}},
    booktitle = {The Semantic Web: Semantics and Big Data},
    year = {2013},
    pages = {427--441},
    publisher = {Springer Berlin Heidelberg},
    address = {Berlin, Heidelberg}
}

@article{washbourne2012style,
    author = {Washbourne, Kelly},
    title = {{Translation style guides in translator training: Considerations for task design}},
    journal = {The Journal of Specialised Translation},
    year = {2012},
    number = {17}
}

@unpublished{vidal2013guia,
    author={Vidal Hussey, Daniel},
    title={La guia d'estil aplicada digitalment},
    school={Universitat Pompeu Fabra},
    year={2013},
    addendum={Unpublished Bachelor's Thesis}
}

@book{real2005dudas,
    author = {Real Academia Espa{\~n}ola and Asociación de Academias de la Lengua Espa{\~n}ola},
    title = {{Diccionario panhisp{\'a}nico de dudas}},
    publisher = {Real Academia Espa{\~n}ola},
    year = {2005}
}
